@Proceedings Article{ Proceedings Article,
        title={ Teaching Students to Fix Programming Errors with Tutorials Embedded in an IDE },
        authors={ Olli Kiljunen },
        year={ 2021 },
        publisher={ ACM },
        doi={ 10.1145/3488042.3489969 },
}